<record><leader>00000cas a22000007a 4500</leader><controlfield tag="001">13499442</controlfield><controlfield tag="008">860426d185718uualuwr ne      0    0eng d</controlfield><datafield ind1=" " ind2=" " tag="010"><subfield code="a">sn 86050170 </subfield></datafield><datafield ind1=" " ind2=" " tag="040"><subfield code="a">AAR</subfield><subfield code="b">eng</subfield><subfield code="c">AAR</subfield><subfield code="d">CPN</subfield><subfield code="d">OCLCQ</subfield></datafield><datafield ind1=" " ind2=" " tag="042"><subfield code="a">msc</subfield></datafield><datafield ind1="0" ind2="0" tag="245"><subfield code="a">Wetumpka dispatch.</subfield></datafield><datafield ind1=" " ind2=" " tag="260"><subfield code="a">Wetumpka, Ala. :</subfield><subfield code="b">W.H. Benson,</subfield><subfield code="c">1857-</subfield></datafield><datafield ind1=" " ind2=" " tag="300"><subfield code="a">v. ;</subfield><subfield code="c">54 cm.</subfield></datafield><datafield ind1=" " ind2=" " tag="310"><subfield code="a">Weekly</subfield></datafield><datafield ind1="0" ind2=" " tag="362"><subfield code="a">Vol. 3, no. 46 (July 17, 1857)-</subfield></datafield><datafield ind1=" " ind2=" " tag="500"><subfield code="a">Editor: W.H. Benson.</subfield></datafield><datafield ind1=" " ind2=" " tag="752"><subfield code="a">United States</subfield><subfield code="b">Alabama</subfield><subfield code="c">Elmore</subfield><subfield code="d">Wetumpka.</subfield></datafield><datafield ind1="0" ind2="0" tag="780"><subfield code="t">Dorsey's dispatch</subfield><subfield code="w">(DLC)sn 86050169</subfield></datafield><datafield ind1="1" ind2=" " tag="029"><subfield code="a">AU@</subfield><subfield code="b">000025839669</subfield></datafield></record>